<record><leader>00000cas a2200000 a 4500</leader><controlfield tag="001">15092251</controlfield><controlfield tag="008">870120c19869999iluwr ne      0    0eng c</controlfield><datafield ind1=" " ind2=" " tag="010"><subfield code="a">sn 96071120 </subfield></datafield><datafield ind1=" " ind2=" " tag="040"><subfield code="a">SOI</subfield><subfield code="b">eng</subfield><subfield code="c">SOI</subfield><subfield code="d">NVF</subfield><subfield code="d">OCLCQ</subfield><subfield code="d">NVF</subfield><subfield code="d">OCLCQ</subfield><subfield code="d">NVF</subfield><subfield code="d">OCLCF</subfield><subfield code="d">OCLCO</subfield></datafield><datafield ind1="1" ind2=" " tag="029"><subfield code="a">AU@</subfield><subfield code="b">000025931556</subfield></datafield><datafield ind1=" " ind2=" " tag="042"><subfield code="a">pcc</subfield></datafield><datafield ind1=" " ind2=" " tag="043"><subfield code="a">n-us-il</subfield></datafield><datafield ind1="0" ind2=" " tag="130"><subfield code="a">Cairo citizen (Cairo, Ill. : 1986)</subfield></datafield><datafield ind1="1" ind2="4" tag="245"><subfield code="a">The Cairo citizen.</subfield></datafield><datafield ind1=" " ind2=" " tag="260"><subfield code="a">Cairo, Ill. :</subfield><subfield code="b">Cairo Newspaper,</subfield><subfield code="c">1986-</subfield></datafield><datafield ind1=" " ind2=" " tag="300"><subfield code="a">v.</subfield></datafield><datafield ind1=" " ind2=" " tag="310"><subfield code="a">Weekly</subfield></datafield><datafield ind1="0" ind2=" " tag="362"><subfield code="a">Vol. 98, no. 214 (Aug. 6, 1986)-</subfield></datafield><datafield ind1=" " ind2=" " tag="515"><subfield code="a">Assumes the numbering of Cairo evening citizen (Cairo, Ill. : 1941).</subfield></datafield><datafield ind1=" " ind2="0" tag="651"><subfield code="a">Cairo (Ill.)</subfield><subfield code="v">Newspapers.</subfield></datafield><datafield ind1=" " ind2="7" tag="655"><subfield code="a">Newspapers.</subfield><subfield code="2">fast</subfield><subfield code="0">(OCoLC)fst01423814</subfield></datafield><datafield ind1=" " ind2="7" tag="651"><subfield code="a">Illinois</subfield><subfield code="z">Cairo.</subfield><subfield code="2">fast</subfield><subfield code="0">(OCoLC)fst01217110</subfield></datafield><datafield ind1=" " ind2=" " tag="752"><subfield code="a">United States</subfield><subfield code="b">Illinois</subfield><subfield code="c">Alexander</subfield><subfield code="d">Cairo.</subfield></datafield><datafield ind1="0" ind2="0" tag="780"><subfield code="t">Cairo evening citizen (Cairo, Ill. : 1941)</subfield><subfield code="w">(DLC)sn 90061469</subfield><subfield code="w">(OCoLC)22332283</subfield></datafield></record>